% file: .../doc/corba.bib

% $Header: /usr/app/odstb/CVS/snacc/doc/corba.bib,v 1.1 1997/01/01 22:47:51 rj Exp $
% $Log: corba.bib,v $
% Revision 1.1  1997/01/01 22:47:51  rj
% first check-in
%

@techreport{corba,
  institution = "OMG",
  author = "OMG",
  title = "The Common Object Request Broker: Architecture and Specification",
  year = "1993",
  version = "1.2",
}

@techreport{idl-c++,
  institution = "OMG",
  author = "OMG",
  title = "OMG RFP Submission--IDL C++ Language Mapping Specification",
  year = "1994",
}

@techreport{gdmo-idl,
  institution = "X/Open",
  author = "X/Open",
  title = "GDMO to OMG IDL Specification Translation Algorithm",
  year = "1994",
}
